@book{startingForth,
  title={Starting FORTH: An Introduction to the FORTH Language and Operating System for Beginners and Professionals},
  author={Brodie, L. and Forth, Inc},
  isbn={9780138430870},
  lccn={lc86005032},
  series={Prentice-Hall software series},
  url={https://books.google.com.au/books?id=w9opAQAAMAAJ},
  year={1987},
  publisher={Prentice-Hall}
}

@thesis{thesisJodie,
  author  = "Jodie Laird",
  title   = "Lolly Machine Upgrade",
  school  = "Murdoch University",
  year    = 2015,
  address = "Perth, WA",
  month   = nov
}

@manual{dragonBoard,
  title        = "Dragon12-Plus2 Trainer : User's Manual",
  author       = "{EVBPlus}",
  organization = "EVBPlus",
}

@misc{dragonBoardRevD,
  title        = "DRAGON12-Plus2-Rev. D Trainer",
  author       = "{EVBPLus}",
  howpublished = "\url{http://trainer4edu.com/dragon12/dragon12_plus2_9s12_hcs12/index.html}",
  note         = "Accessed: 2022-09-07"
}

@article{mCHistory,
  author={Raghunathan, K. Raghu},
  journal={IEEE Micro}, 
  title={History of Microcontrollers: First 50 Years}, 
  year={2021},
  volume={41},
  number={6},
  pages={97-104},
  doi={10.1109/MM.2021.3114754}
}

@misc{computerControlGCole,
  title        = "Computer Control System for the Lolly Dispenser",
  author       = "{Graeme Cole}",
  howpublished = "Unpublished",
  note         = "Accessed: 2022-10-07"
}

@misc{ignitionMaker,
  title        = "Ignition Maker Edition",
  author       = "{Inductive Automation}",
  howpublished = "\url{https://inductiveautomation.com/ignition/maker-edition}",
  note         = "Accessed: 2022-10-07"
}

@misc{forthWeb,
  title        = "FORTH, Inc",
  author       = "{Forth, Inc}",
  howpublished = "\url{https://www.forth.com}",
  note         = "Accessed: 2022-10-07"
}


