%%%%%%%%%%%%%%%%%%%% thesis %%%%%%%%%%%%%%%%%%%%
@thesis{thesisJodie,
  author  = "Jodie Laird",
  title   = "Lolly Machine Upgrade",
  school  = "Murdoch University",
  year    = 2015,
  address = "Perth, WA",
  month   = nov
}


%%%%%%%%%%%%%%%%%%%% articles %%%%%%%%%%%%%%%%%%%%
@article{mCHistory,
  author={Raghunathan, K. Raghu},
  journal={IEEE Micro}, 
  title={History of Microcontrollers: First 50 Years}, 
  year={2021},
  volume={41},
  number={6},
  pages={97-104},
  doi={10.1109/MM.2021.3114754}
}

%%%%%%%%%%%%%%%%%%%% miscellaneous %%%%%%%%%%%%%%%%%%%%
@misc{computerControlGCole,
  title        = "Computer Control System for the Lolly Dispenser",
  author       = "{Graeme Cole}",
  howpublished = "Unpublished",
  note         = "Accessed: 2022-10-07"
}

@misc{arduinoWeb,
  title        = "Arduino Uno Rev3",
  author       = "{Arduino}",
  howpublished = "\url{https://store-usa.arduino.cc/products/arduino-uno-rev3?selectedStore=us}",
  note         = "Accessed: 2022-09-16"
}

@misc{raspPiWeb,
  title        = "Raspberry Pi 4",
  author       = "{Raspberry Pi}",
  howpublished = "\url{https://www.raspberrypi.com/products/raspberry-pi-4-model-b/}",
  note         = "Accessed: 2022-09-16"
}

@misc{dataTypesSiemens,
  title        = "Overview of the valid data types",
  author       = "{SIEMENS}",
  howpublished = "\url{https://support.industry.siemens.com/cs/mdm/89515142?c=58906052747&lc=en-AU}",
  note         = "Accessed: 2022-09-17"
}

@misc{5_2Valves,
  title        = "5/2 and 4/2-Way Pneumatic Valve - How They Work",
  author       = "{TAMESON}",
  howpublished = "\url{https://tameson.com/52-way-and-42-way-pneumatic-valve.html}",
  note         = "Accessed: 2022-09-20"
}



%%%%%%%%%%%%%%%%%%%% manuals %%%%%%%%%%%%%%%%%%%%
@manual{smcRot,
  title        = "Operation Manual",
  subtitle     = "ROTARY ACTUATOR : Standard Type",
  author       = "{SMC}",
  organization = "SMC Corporation",
  address      = "4-14-1, Sotokanda, Chiyoda-ku, Tokyo 101-0021 JAPAN",
  year         = 2021
}

@manual{sickCs,
  title        = "Colour Sensor Manual",
  author       = "{SICK}",
  organization = "SICK",
}

%%%%%%%%%%%%%%%%%%%% books %%%%%%%%%%%%%%%%%%%%
@book{parr2011hydraulics,
  title={Hydraulics and Pneumatics: A Technician's and Engineer's Guide},
  author={Parr, A.},
  isbn={9780080966755},
  lccn={2011411314},
  url={https://books.google.com.au/books?id=S5nkOjXQkEIC},
  year={2011},
  publisher={Elsevier Science}
}

@book{dunn2006introduction,
  title={Introduction to Instrumentation, Sensors and Process Control},
  author={Dunn, W.C.},
  isbn={9781580530118},
  lccn={2005050832},
  series={Artech House sensors library},
  url={https://books.google.com.au/books?id=NYptQgAACAAJ},
  year={2006},
  publisher={Artech House}
}

@book{petruzella2017programmable,
  title={Programmable Logic Controllers},
  author={Petruzella, F.D.},
  isbn={ 9780073373843},
  series={Electronics Books Series},
  year={2017},
  publisher={Glencoe/McGraw-Hill}
}

@book{frenzel2015handbook,
  title={Handbook of Serial Communications Interfaces: A Comprehensive Compendium of Serial Digital Input/Output (I/O) Standards},
  author={Frenzel, L.},
  isbn={9780128006719},
  lccn={2015949019},
  year={2015},
  publisher={Elsevier Science}
}

@book{scott2021networking,
  title={Networking for Beginners: An Easy Guide to Learning Computer Network Basics. Take Your First Step, Master Wireless Technology, the OSI Model, IP Subnetting, Routing Protocols and Internet Essentials},
  author={Scott, R.},
  isbn={9781801693714},
  year={2021},
  publisher={Stefano Cardinale}
}

@book{crisp2003introduction,
  title={Introduction to Microprocessors and Microcontrollers},
  author={Crisp, J.},
  isbn={9780080495729},
  url={https://books.google.com.au/books?id=Eu1JHU-2Jo8C},
  year={2003},
  publisher={Elsevier Science}
}
